/Users/rodney/Dropbox/bibdesk/bibdesk.bib